% Encoding: UTF-8
% Data utworzenia: 8.05.2018
% Źródło: https://www.sharelatex.com/learn/Bibliography_management_with_bibtex


@book{adaptacyjne,
	title={Metody adaptacyjne w diagnostyce układów napędowych maszyn górniczych},
	author={Zimroz, Radosław},
	year={2010},
	publisher={Oficyna Wydawnicza Politechniki Wrocławskiej}
}

@article{linandzuo,
	title={Gearbox fault diagnosis using adaptive wavelet filter},
	author={Lin, Jin and Zuo, MJ},
	journal={Mechanical systems and signal processing},
	volume={17},
	number={6},
	pages={1259--1269},
	year={2003},
	publisher={Elsevier}
}

@article{bojarski2016end,
	title={End to end learning for self-driving cars},
	author={Bojarski, Mariusz and Del Testa, Davide and Dworakowski, Daniel and Firner, Bernhard and Flepp, Beat and Goyal, Prasoon and Jackel, Lawrence D and Monfort, Mathew and Muller, Urs and Zhang, Jiakai and others},
	journal={arXiv preprint arXiv:1604.07316},
	year={2016}
}



@article{tai2015improved,
	title={Improved semantic representations from tree-structured long short-term memory networks},
	author={Tai, Kai Sheng and Socher, Richard and Manning, Christopher D},
	journal={arXiv preprint arXiv:1503.00075},
	year={2015}
}

@article{lin1997face,
	title={Face recognition/detection by probabilistic decision-based neural network},
	author={Lin, Shang-Hung and Kung, Sun-Yuan and Lin, Long-Ji},
	journal={IEEE transactions on neural networks},
	volume={8},
	number={1},
	pages={114--132},
	year={1997},
	publisher={IEEE}
}

@article{widrow199030,
	title={30 years of adaptive neural networks: perceptron, madaline, and backpropagation},
	author={Widrow, Bernard and Lehr, Michael A},
	journal={Proceedings of the IEEE},
	volume={78},
	number={9},
	pages={1415--1442},
	year={1990},
	publisher={IEEE}
}

@article{rumelhart1986learning,
	title={Learning representations by back-propagating errors},
	author={Rumelhart, David E and Hinton, Geoffrey E and Williams, Ronald J},
	journal={nature},
	volume={323},
	number={6088},
	pages={533},
	year={1986},
	publisher={Nature Publishing Group}
}

@article{skleaarn,
	title={Scikit-learn: Machine learning in Python},
	author={Pedregosa, Fabian and Varoquaux, Ga{\"e}l and Gramfort, Alexandre and Michel, Vincent and Thirion, Bertrand and Grisel, Olivier and Blondel, Mathieu and Prettenhofer, Peter and Weiss, Ron and Dubourg, Vincent and others},
	journal={Journal of machine learning research},
	volume={12},
	number={Oct},
	pages={2825--2830},
	year={2011}
}

@article{johnson2006signal,
	title={Signal-to-noise ratio},
	author={Johnson, Don H},
	journal={Scholarpedia},
	volume={1},
	number={12},
	pages={2088},
	year={2006}
}

@article{bartelmus1991diagnostyka,
	title={Diagnostyka przek{\l}adni z{\k{e}}batych},
	author={Bartelmus, W},
	journal={G{\'o}rnictwo Odkrywkowe},
	number={2},
	pages={1--44},
	year={1991}
}

@article{zimroz2008diagnozowanie,
	title={Diagnozowanie przek{\l}adni z{\k{e}}batych w uk{\l}adach nap{\k{e}}dowych przeno{\'s}nik{\'o}w ta{\'s}mowych-wykrywanie uszkodze{\'n} lokalnych w warunkach zmiennego obci{\k{a}}{\.z}enia},
	author={Zimroz, R},
	journal={Transport Przemys{\l}owy},
	pages={10--14},
	year={2008}
}

@article{antoni,
	title={Cyclostationarity by examples},
	author={Antoni, J{\'e}r{\^o}me},
	journal={Mechanical Systems and Signal Processing},
	volume={23},
	number={4},
	pages={987--1036},
	year={2009},
	publisher={Elsevier}
}

@article{antoni2,
	title={An adaptive SK technique and its application for fault detection of rolling element bearings},
	author={Wang, Yanxue and Liang, Ming},
	journal={Mechanical Systems and Signal Processing},
	volume={25},
	number={5},
	pages={1750--1764},
	year={2011},
	publisher={Elsevier}
}

@article{urban,
	title={Detection of signal component modulations using modulation intensity distribution},
	author={Urbanek, Jacek and Antoni, Jerome and Barszcz, Tomasz},
	journal={Mechanical Systems and Signal Processing},
	volume={28},
	pages={399--413},
	year={2012},
	publisher={Elsevier}
}

@article{wylomanska,
	title={Selection of informative frequency band in local damage detection in rotating machinery},
	author={Obuchowski, Jakub and Wy{\l}oma{\'n}ska, Agnieszka and Zimroz, Rados{\l}aw},
	journal={Mechanical Systems and Signal Processing},
	volume={48},
	number={1-2},
	pages={138--152},
	year={2014},
	publisher={Elsevier}
}

@article{wylomanska3,
	title={Selection of informative frequency band in local damage detection in rotating machinery},
	author={Obuchowski, Jakub and Wy{\l}oma{\'n}ska, Agnieszka and Zimroz, Rados{\l}aw},
	journal={Mechanical Systems and Signal Processing},
	volume={48},
	number={1-2},
	pages={138--152},
	year={2014},
	publisher={Elsevier}
}



@INPROCEEDINGS{nnspeech,
	author={A. Graves and A. Mohamed and G. Hinton},
	booktitle={2013 IEEE International Conference on Acoustics, Speech and Signal Processing},
	title={Speech recognition with deep recurrent neural networks},
	year={2013},
	volume={},
	number={},
	pages={6645-6649},
	keywords={speech recognition;speech recognition;deep recurrent neural networks;sequential data;end-to-end training methods;connectionist temporal classification;long short-term memory RNN architecture;Speech recognition;Recurrent neural networks;Training;Vectors;Acoustics;Noise;recurrent neural networks;deep neural networks;speech recognition},
	doi={10.1109/ICASSP.2013.6638947},
	ISSN={1520-6149},
	month={May},}

@inproceedings{nngboard,
	title={Long short term memory neural network for keyboard gesture decoding},
	author={Alsharif, Ouais and Ouyang, Tom and Beaufays, Fran{\c{c}}oise and Zhai, Shumin and Breuel, Thomas and Schalkwyk, Johan},
	booktitle={Acoustics, Speech and Signal Processing (ICASSP), 2015 IEEE International Conference on},
	pages={2076--2080},
	year={2015},
	organization={IEEE}
}

@inproceedings{nnnature,
	title={Mitosis detection in breast cancer histology images with deep neural networks},
	author={Cire{\c{s}}an, Dan C and Giusti, Alessandro and Gambardella, Luca M and Schmidhuber, J{\"u}rgen},
	booktitle={International Conference on Medical Image Computing and Computer-assisted Intervention},
	pages={411--418},
	year={2013},
	organization={Springer}
}

@inproceedings{xu2015show,
	title={Show, attend and tell: Neural image caption generation with visual attention},
	author={Xu, Kelvin and Ba, Jimmy and Kiros, Ryan and Cho, Kyunghyun and Courville, Aaron and Salakhudinov, Ruslan and Zemel, Rich and Bengio, Yoshua},
	booktitle={International conference on machine learning},
	pages={2048--2057},
	year={2015}
}

@inproceedings{ren2015faster,
	title={Faster r-cnn: Towards real-time object detection with region proposal networks},
	author={Ren, Shaoqing and He, Kaiming and Girshick, Ross and Sun, Jian},
	booktitle={Advances in neural information processing systems},
	pages={91--99},
	year={2015}
}

@Comment{jabref-meta: databaseType:bibtex;}
