\bibliography{mybib}
@misc{ Nobody06,
       author = "Nobody Jr",
       title = "My Article",
       year = "2006" }
@misc{ Zimroz01,
    	author = "R. Zimroz",
    	title = "Metody adaptacyjne w diagnostyce układów napędowych maszyn górniczych",
    	year = "Wrocław 2010" }
@misc{ Wylomanska01,
	author = "J. Obuchowski, A. Wyłomańska, R. Zimroz",
	howpublished = "Mechanical Systems and Signal Processing 48, 138-152",
	title = "Selection of informative frequency band in local damage detection in rotating machinery",
	year = "2014"
	}
@misc{ Python,
	author = "J. Hearty",
	title = "Zaawansowane uczenie maszynowe z językiem Python",
	year = "Gliwice 2017" }
@misc{ nnnature,
	author = "Javed Khan, Jun S. Wei, Markus Ringnér, Lao H. Saal, Marc Ladanyi, Frank Westermann, Frank Berthold, Manfred Schwab, Cristina R. Antonescu, Carsten Peterson & Paul S.Meltzer",
	title = "Classification and diagnostic prediction of cancers using gene expression profiling and artificial neural networks",
	year = "Nature Medicine volume 7, pages 673–679 (2001)" }
@misc{ nnspeech,
	author = " Alex Graves, Abdel-rahman Mohamed, Geoffrey Hinton ",
	title = "Speech recognition with deep recurrent neural networks",
	year = "2013 IEEE International Conference on Acoustics, Speech and Signal Processing" }
@misc{ nngboard,
	author = "Françoise Beaufays",
	title = "The Machine Intelligence Behind Gboard ",
	year = "https://ai.googleblog.com/2017/05/the-machine-intelligence-behind-gboard.html" }
